@Article{Beard2019,
author = {Larry BEARD and et. al},
title = {Special Education Typography: fonts, fonts, fonts, fonts},
journal = {International Journal of Social Science and Business},
pages = {61},
volume = {4},
year = {2019},
ISSN = {2519-9153},
}

@Misc{Hannah2020,
author = {Jaye HANNAH},
title = {What Is Typography, And Why Is It Important? A Beginner’s Guide},
howpublished = {[online]},
year = {rev. 29. decembra 2020},
note = {[vid. 2020-04-15]},
url = {https://careerfoundry.com/en/blog/ui-design/beginners-guide-to-typography/},
}

@Misc{Clayton,
author = {Ewan CLAYTON},
title = {A short history of calligraphy and typography},
howpublished = {[online]},
note = {[vid. 2020-04-15]},
url = {https://www.bl.uk/history-of-writing/articles/a-short-history-of-calligraphy-and-typography},
}

@MastersThesis{Kampman2011,
author = {Frerik KAMPMAN},
title = {Arabic Typography its past and future},
school = {Arabic Language and Culture Utrecht University},
year = {2011},
type = {Bachelor's Thesis},
}

@MastersThesis{Ou2019,
author = {Yufei Ou},
title = {Typography and Its Implementation on Websites},
school = {Metropolia University of Applied Sciences},
year = {2019},
type = {Bakalárska práca},
}
    
@Misc{Urbanova2019,
author = {Alžbeta URBANOVÁ},
title = {Fonty a ich využitie v praxi},
howpublished = {[online]},
year = {30. septembra 2019},
note = {[vid. 2020-04-19]},
url = {https://kikuforum.wordpress.com/2019/09/30/fonty-a-ich-vyuzitie-v-praxi/},
}


@Article{Yusofi1990,
author = {Golam-Hosayn YUSOFI},
title = {Calligraphy},
journal = {Encyclopedia Iranica},
volume = {4},
number = {7},
year = {1990},
ISSN = {2330-4804},
}

@Article{Jelinek1985,
author = {Jan JELÍNEK},
title = {Úvaha o sazbě děl.},
journal = {Typografie},
volume = {18},
number = {3},
pages = {3},
year = {1985},
ISSN = {0322-9068},
}

@InBook{Cullen2012,
author = {Kristin CULLEN},
title = {Design elements typography fungamentals},
chapter = {Základní informace},
publisher = {Rockport},
address = {the United States of America, Massachusetts},
year = {2012},
edition = {1},
ISBN = {978–1–59253–767–9},
}

@InBook{Rybicka2003,
author = {Jiří RYBIČKA},
title = {LaTeX pro začátečníky},
chapter = {Základní informace},
publisher = {Konvoj},
address = {Brno},
year = {2003},
edition = {3},
ISBN = {80-7302-049-1},
}
